@misc{dc93500,
title = {{Dow Corning 93-500 space grade encapsulant}},
url = {https://www.ellsworth.com/products/by-market/defense/sealants/silicone/dow-corning-93-500-space-grade-encapsulant-clear-110-g-kit/},
urldate = {2018-05-03}
}
@misc{uhu300,
title = {{UHU Plus Endfest 300 epoxy resin adhesive}},
url = {http://www.uhu.com/en/products/epoxy-adhesives-2-component.html}
}
@misc{invar36,
title = {{Invar-36 technical data}},
url = {http://www.hightempmetals.com/techdata/hitempInvar36data.php},
urldate = {2018-05-03}
}
@misc{gomx2NASA,
author = {NASA},
title = {{NanoRacks GomX-2: Small Photon Entangling Quantum System (SPEQS)}},
url = {https://www.nasa.gov/mission{\_}pages/station/research/experiments/1328.html},
urldate = {2018-05-01},
year = {2014}
}